% Citation file... Put all your references here
% Note: Author name list should be separated using 'and' instead of commas ','

@InProceedings{cite1,
    author    = {Michael Cowling, Renate Sitte},
    title     = {Comparison of techniques for environmental sound recognition},
    year = {2003},
    volume = {24},
    booktitle = {Elsevier, Pattern Recognition Letters},
    url       = "https://www.sciencedirect.com/science/article/pii/S016786550300147"
}

@INPROCEEDINGS{cite2,
    author      = {Haomin Zhang, Ian McLoughlin, Yan Song},
    title       = {ROBUST SOUND EVENT RECOGNITION USING CONVOLUTIONAL NEURAL NETWORKS},
    journal   = {2015 IEEE International Conference on Acoustics, Speech and Signal Processing (ICASSP)},
    year        = {2015},
    url         = "http://ieeexplore.ieee.org/document/7178031/"
}

@InProceedings{cite3,
    author    = {Alain Dufaux Laurent Besacier, Michael Ansorge, Fausto Pellandini},
    title     = {AUTOMATIC SOUND DETECTION AND RECOGNITION FOR NOISY ENVIRONMENT},
    journal = {2000 IEEE 10th European Signal Processing Conference},
    year      = {2000},
    url       = "http://ieeexplore.ieee.org/abstract/document/7075558/"
}

@InProceedings{cite4,
    author = {A. Casey, Michael},
    title = {General Sound Classification and Similarity in MPEG-7},
    year = {2001},
    volume = {6},
    booktitle = {Organised Sound},
    url = "https://www.researchgate.net/publication/27224838_General_Sound_Classification_and_Similarity_in_MPEG-7"
}

@InProceedings{cite5,
    author    = {Shufei Duan and Jinglan Zhang and Paul Roe and Michael Towsey},
    title     = {A survey of tagging techniques for music, speech and environmental sound},
    journal = {Artificial Intelligence Review},
    year      = {2014},
    url       = "https://doi.org/10.1007/s10462-012-9362-y"
}

@INPROCEEDINGS{cite6,
    author      = {S. Chachada and C. C. J. Kuo},
    title       = {Environmental sound recognition: A survey},
    journal   = {2013 Asia-Pacific Signal and Information Processing Association Annual Summit and Conference},
    year        = {2013},
    url         = "http://ieeexplore.ieee.org/document/6694338/"
}


@InProceedings{cite7,
    author    = {S. Chu and S. Narayanan and C. C. J. Kuo},
    title     = {Environmental sound recognition using MP-based features},
    journal = {2008 IEEE International Conference on Acoustics, Speech and Signal Processing},
    year      = {2008},
    url       = "http://ieeexplore.ieee.org/document/4517531/"
}

@InProceedings{cite8,
    author    = {S. Chu and S. Narayanan and C. C. J. Kuo},
    title     = {Environmental Sound Recognition With Time 2013;Frequency Audio Features},
    journal = {IEEE Transactions on Audio, Speech, and Language Processing},
    year      = {2009},
    url       = "http://ieeexplore.ieee.org/document/5109766/"
}

@InProceedings{cite9,
  author    = {Jort F Gemmeke and Daniel PW Ellis and Dylan Freedman and Aren Jansen and Wade Lawrence and R Channing Moore and Manoj Plakal and Marvin Ritter},
  title     = {Audio set: An ontology and human-labeled dartaset for audio events.},
  journal = {Proceedings of the Acoustics, Speech and Signal Pro- cessing International Conference},
  year      = {2017},
  url       = ""
}

@InProceedings{cite10,
  author    = {Frederic Font and Gerard Roma and Xavier Serra},
  title     = {Freesound technical demo.},
  journal = {Proceedings of the 21st ACM international conference on Multimedia},
  year      = {2013},
  url       = "https://freesound.org"
}

@InProceedings{cite11,
  author    = {Eduardo Fonseca and Jordi Pons and Xavier Favory and Frederic Font and Dmitry Bogdanov and Andres Ferraro and Sergio Oramas and Alastair Porter and Xavier Serra},
  title     = {Freesound Datasets: A Platform for the Creation of Open Audio Datasets.},
  journal = {Proceedings of the International Conference on Music Information Retrieval},
  year      = {2017},
  url       = "https://repositori.upf.edu/bitstream/handle/10230/33299/fonseca_ismir17_freesound.pdf"
}
