% Citation file... Put all your references here
% Note: Author name list should be separated using 'and' instead of commas ','

@InProceedings{audioset,
  author    = {Jort F Gemmeke and Daniel PW Ellis and Dylan Freedman and Aren Jansen and Wade Lawrence and R Channing Moore and Manoj Plakal and Marvin Ritter},
  title     = {Audio set: An ontology and human-labeled dartaset for audio events.},
  booktitle = {Proceedings of the Acoustics, Speech and Signal Pro- cessing International Conference},
  year      = {2017},
  url       = ""
}

@INPROCEEDINGS{Piczak, 
author={K. J. Piczak}, 
booktitle={2015 IEEE 25th International Workshop on Machine Learning for Signal Processing (MLSP)}, 
title={Environmental sound classification with convolutional neural networks}, 
year={2015}, 
volume={}, 
number={}, 
pages={1-6}, 
keywords={audio signal processing;cepstral analysis;neural nets;signal classification;audio clip;audio data;baseline implementation;convolutional layer;convolutional neural network;environmental recording;environmental sound classification;low level representation;max-pooling;mel-frequency cepstral coefficient;public dataset;segmented spectrogram;urban recording;Accuracy;Convolution;Convolutional codes;Neural networks;Pattern recognition;Training;Yttrium;classification;convolutional neural networks;environmental sound}, 
doi={10.1109/MLSP.2015.7324337}, 
ISSN={1551-2541}, 
month={Sept},}

@INPROCEEDINGS{Dufaux, 
author={A. Dufaux and L. Besacier and M. Ansorge and F. Pellandini}, 
booktitle={2000 10th European Signal Processing Conference}, 
title={Automatic sound detection and recognition for noisy environment}, 
year={2000}, 
volume={}, 
number={}, 
pages={1-4}, 
keywords={Databases;Hidden Markov models;Noise measurement;Robustness;Signal to noise ratio;Training;White noise;Background noise;Gaussian Mixtures;Hidden Markov Models;Impulsive sound detection;Multimodels;Robustness;Sound recognition;Télésurveillance;Tele-assistive technologies}, 
doi={}, 
ISSN={}, 
month={Sept},}

@article{Casey,
author = {A. Casey, Michael},
year = {2001},
month = {08},
pages = {},
title = {General Sound Classification and Similarity in MPEG-7},
volume = {6},
booktitle = {Organised Sound}
}

@article{Cowling,
author = {Cowling, Michael and Sitte, Renate},
year = {2003},
month = {11},
pages = {2895-2907},
title = {Comparison of techniques for environmental sound recognition},
volume = {24},
booktitle = {Pattern Recognition Letters}
}

@INPROCEEDINGS{Zhang, 
author={H. Zhang and I. McLoughlin and Y. Song}, 
booktitle={2015 IEEE International Conference on Acoustics, Speech and Signal Processing (ICASSP)}, 
title={Robust sound event recognition using convolutional neural networks}, 
year={2015}, 
volume={}, 
number={}, 
pages={559-563}, 
keywords={neural nets;speech recognition;ASR;CNN;HMM;MFCC;auditory image;automatic speech recognition;convolutional neural networks;informative front end features;interfering acoustic noise;machine learning techniques;noise corruption;robust sound event recognition;spectrogram image;Accuracy;Noise;Robustness;Smoothing methods;Spectrogram;Speech;Speech recognition;Machine hearing;auditory event detection;convolutional neural networks}, 
doi={10.1109/ICASSP.2015.7178031}, 
ISSN={1520-6149}, 
month={April},}

@INPROCEEDINGS{Toyoda, 
author={Y. Toyoda and Jie Huang and Shuxue Ding and Yong Liu}, 
booktitle={Computer and Information Technology, 2004. CIT '04. The Fourth International Conference on}, 
title={Environmental sound recognition by multilayered neural networks}, 
year={2004}, 
volume={}, 
number={}, 
pages={123-127}, 
keywords={acoustic signal processing;audio databases;audio signal processing;hidden Markov models;multilayer perceptrons;robots;spectral analysis;time-domain analysis;HMM-based methods;RWCP;TDNN-based methods;environmental sound recognition;home use robot;home-helper robot;instantaneous spectrum;multilayered neural networks;multilayered perceptron NN system;on-board system;power pattern;power peak;robot computer system;robotic audition;security monitoring robot;speech recognition;time domain;Data security;Frequency;Hidden Markov models;Monitoring;Multi-layer neural network;Multilayer perceptrons;Neural networks;Robots;Spatial databases;Speech recognition}, 
doi={10.1109/CIT.2004.1357184}, 
ISSN={}, 
month={Sept},}

@InProceedings{Duan,
    author    = {Shufei Duan and Jinglan Zhang and Paul Roe and Michael Towsey},
    title     = {A survey of tagging techniques for music, speech and environmental sound},
    journal = {Artificial Intelligence Review},
    year      = {2014},
    url       = "https://doi.org/10.1007/s10462-012-9362-y"
}

@INPROCEEDINGS{Chachada,
    author      = {S. Chachada and C. C. J. Kuo},
    title       = {Environmental sound recognition: A survey},
    journal   = {2013 Asia-Pacific Signal and Information Processing Association Annual Summit and Conference},
    year        = {2013},
    url         = "http://ieeexplore.ieee.org/document/6694338/"
}


@InProceedings{Chu1,
    author    = {S. Chu and S. Narayanan and C. C. J. Kuo},
    title     = {Environmental sound recognition using MP-based features},
    journal = {2008 IEEE International Conference on Acoustics, Speech and Signal Processing},
    year      = {2008},
    url       = "http://ieeexplore.ieee.org/document/4517531/"
}

@InProceedings{Chu2,
    author    = {S. Chu and S. Narayanan and C. C. J. Kuo},
    title     = {Environmental Sound Recognition With Time 2013;Frequency Audio Features},
    journal = {IEEE Transactions on Audio, Speech, and Language Processing},
    year      = {2009},
    url       = "http://ieeexplore.ieee.org/document/5109766/"
}


@ONLINE{Lyons,
    author      = {James Lyons},
    title       = {Mel Frequency Cepstral Coefficient (MFCC)},
    booktitle   = {practicalcryptography.com/miscellaneous/machine-learning/guide-mel-frequency-cepstral-coefficients-mfccs},
    year        = {2009-2012},
    url         = "http://practicalcryptography.com/miscellaneous/machine-learning/guide-mel-frequency-cepstral-coefficients-mfccs/#eqn1"
}