% Citation file... Put all your references here
% Note: Author name list should be separated using 'and' instead of commas ','

@InProceedings{cite1,
  author    = {Jort F Gemmeke and Daniel PW Ellis and Dylan Freedman and Aren Jansen and Wade Lawrence and R Channing Moore and Manoj Plakal and Marvin Ritter},
  title     = {Audio set: An ontology and human-labeled dartaset for audio events.},
  journal = {Proceedings of the Acoustics, Speech and Signal Pro- cessing International Conference},
  year      = {2017},
  url       = ""
}

@InProceedings{cite2,
  author    = {Karol J Piczak},
  title     = {ENVIRONMENTAL SOUND CLASSIFICATION WITH CONVOLUTIONAL NEURAL NETWORKS},
  journal = {IEEE INTERNATIONAL WORKSHOP ON MACHINE LEARNING FOR SIGNAL PROCESSING},
  year      = {2015},
  url       = "http://karol.piczak.com/papers/Piczak2015-ESC-ConvNet.pdf"
}


@InProceedings{cite3,
    author    = {Alain Dufaux and Laurent Besacier and Michael Ansorge and Fausto Pellandini},
    title     = {AUTOMATIC SOUND DETECTION AND RECOGNITION FOR NOISY ENVIRONMENT},
    journal = {2000 IEEE 10th European Signal Processing Conference},
    year      = {2000},
    url       = "http://ieeexplore.ieee.org/abstract/document/7075558/"
}

@InProceedings{cite4,
    author = {A. Casey, Michael},
    title = {General Sound Classification and Similarity in MPEG-7},
    year = {2001},
    volume = {6},
    booktitle = {Organised Sound},
    url = "https://www.researchgate.net/publication/27224838_General_Sound_Classification_and_Similarity_in_MPEG-7"
}

@InProceedings{cite5,
    author    = {Michael Cowling and Renate Sitte},
    title     = {Comparison of techniques for environmental sound recognition},
    year = {2003},
    volume = {24},
    booktitle = {Elsevier, Pattern Recognition Letters},
    url       = "https://www.sciencedirect.com/science/article/pii/S016786550300147"
}

@INPROCEEDINGS{cite6,
    author      = {Haomin Zhang and Ian McLoughlin and Yan Song},
    title       = {ROBUST SOUND EVENT RECOGNITION USING CONVOLUTIONAL NEURAL NETWORKS},
    journal   = {2015 IEEE International Conference on Acoustics, Speech and Signal Processing (ICASSP)},
    year        = {2015},
    url         = "http://ieeexplore.ieee.org/document/7178031/"
}